<?xml version="1.0" encoding="UTF-8"?><collection xmlns="http://www.loc.gov/MARC21/slim"><record><leader>00503nam--2200121-i-4500</leader><controlfield tag="001">000019458</controlfield><controlfield tag="002">20161230</controlfield><controlfield tag="005">20161230201033</controlfield><controlfield tag="008">060222s1000------------r-----000-0-eng-d</controlfield><datafield ind1=" " ind2=" " tag="080"><subfield code="a">539.2(042:061.3):539.14(042:061.3)</subfield></datafield><datafield ind1=" " ind2=" " tag="245"><subfield code="a">Electrons in crystallins solids.lectures presented at an international course at trieste from 10 january to 15 april 1972 organized by the international centre for theoretical physics, trieste</subfield></datafield><datafield ind1=" " ind2=" " tag="260"><subfield code="a">Vienna, International Atomic Energy Agency, 1973. 753 P</subfield></datafield><datafield ind1=" " ind2=" " tag="852"><subfield code="a">39931</subfield></datafield></record></collection>